<record><leader>00000cas a22000007a 4500</leader><controlfield tag="001">21614935</controlfield><controlfield tag="008">900529d1911192ucouwr ne      0    0eng d</controlfield><datafield ind1=" " ind2=" " tag="010"><subfield code="a">sn 90051333 </subfield></datafield><datafield ind1=" " ind2=" " tag="040"><subfield code="a">CNQ</subfield><subfield code="b">eng</subfield><subfield code="c">CNQ</subfield><subfield code="d">OCLCQ</subfield></datafield><datafield ind1=" " ind2=" " tag="042"><subfield code="a">msc</subfield></datafield><datafield ind1="0" ind2="4" tag="245"><subfield code="a">The Canon City record with which is consolidated the Canon City cannon.</subfield></datafield><datafield ind1="1" ind2="3" tag="246"><subfield code="a">Canon City weekly record</subfield></datafield><datafield ind1="1" ind2="7" tag="246"><subfield code="a">Canon City record</subfield></datafield><datafield ind1=" " ind2=" " tag="260"><subfield code="a">Canon City, Colo. :</subfield><subfield code="b">Guy U. Hardy</subfield></datafield><datafield ind1=" " ind2=" " tag="300"><subfield code="a">v.</subfield></datafield><datafield ind1=" " ind2=" " tag="310"><subfield code="a">Weekly</subfield></datafield><datafield ind1="0" ind2=" " tag="362"><subfield code="a">Vol. 34, no. 27 (Nov. 2, 1911)-</subfield></datafield><datafield ind1=" " ind2=" " tag="530"><subfield code="a">Available on microfilm from the Colorado Historical Society.</subfield></datafield><datafield ind1=" " ind2=" " tag="752"><subfield code="a">United States</subfield><subfield code="b">Colorado</subfield><subfield code="c">Fremont</subfield><subfield code="d">Canon City.</subfield></datafield><datafield ind1="0" ind2="4" tag="780"><subfield code="t">Canon City record</subfield><subfield code="w">(DLC)sn 85067315</subfield></datafield><datafield ind1="0" ind2="4" tag="780"><subfield code="t">Canon City cannon</subfield></datafield></record>